<?xml version="1.0" encoding="UTF-8"?><collection xmlns="http://www.loc.gov/MARC21/slim"><record><leader>00394nam--2200145-i-4500</leader><controlfield tag="001">000016342</controlfield><controlfield tag="002">20161230</controlfield><controlfield tag="005">20170113010044</controlfield><controlfield tag="008">060222s1000------------r-----000-0-eng-d</controlfield><datafield ind1=" " ind2=" " tag="100"><subfield code="a">Dupraz, Jean</subfield></datafield><datafield ind1=" " ind2=" " tag="245"><subfield code="a">Etude par resonance magnetique d alliages a haute susceptibilite</subfield><subfield code="b">These</subfield></datafield><datafield ind1=" " ind2=" " tag="260"><subfield code="a">Geneve</subfield><subfield code="b">Universite</subfield><subfield code="c">1970</subfield></datafield><datafield ind1=" " ind2=" " tag="300"><subfield code="a">/755-816/p</subfield></datafield><datafield ind1=" " ind2=" " tag="852"><subfield code="a">78075</subfield></datafield><datafield ind1=" " ind2=" " tag="CAT"><subfield code="a">SYS</subfield><subfield code="c">20170113</subfield><subfield code="h">010044</subfield></datafield></record></collection>